
@article{choi_editorial_2015,
	title = {Editorial for the special issue on micro-/nanorobotics},
	volume = {2},
	issn = {2197-3768},
	url = {http://link.springer.com/article/10.1186/s40638-014-0025-0},
	doi = {10.1186/s40638-014-0025-0},
	pages = {1--1},
	number = {1},
	journaltitle = {Robotics and Biomimetics},
	shortjournal = {Robot. Biomim.},
	author = {Choi, Hongsoo and Li, Wen J. and Zhang, Li},
	urldate = {2015-06-26},
	date = {2015-03-07},
	langid = {english},
	keywords = {Behavioral Sciences, Robotics and Automation, Systems Biology},
	file = {Full Text PDF:/Users/liesaweigert/Library/Application Support/Zotero/Profiles/b90l19ox.default/zotero/storage/S8H3J52X/Choi et al. - 2015 - Editorial for the special issue on micro-nanorobo.pdf:application/pdf;Snapshot:/Users/liesaweigert/Library/Application Support/Zotero/Profiles/b90l19ox.default/zotero/storage/F8J4TE9D/s40638-014-0025-0.html:text/html}
}

@online{center_for_history_and_new_media_zotero_????,
	title = {Zotero Quick Start Guide},
	url = {http://zotero.org/support/quick_start_guide},
	author = {{Center for History and New Media}}
}