
@article{choi_editorial_2015,
	title = {Editorial for the special issue on micro-/nanorobotics},
	volume = {2},
	issn = {2197-3768},
	url = {http://link.springer.com/article/10.1186/s40638-014-0025-0},
	doi = {10.1186/s40638-014-0025-0},
	language = {en},
	number = {1},
	urldate = {2015-06-26},
	journal = {Robotics and Biomimetics},
	author = {Choi, Hongsoo and Li, Wen J. and Zhang, Li},
	month = mar,
	year = {2015},
	keywords = {Behavioral Sciences, Robotics and Automation, Systems Biology},
	pages = {1--1},
	file = {Full Text PDF:/Users/liesaweigert/Library/Application Support/Zotero/Profiles/b90l19ox.default/zotero/storage/S8H3J52X/Choi et al. - 2015 - Editorial for the special issue on micro-nanorobo.pdf:application/pdf;Snapshot:/Users/liesaweigert/Library/Application Support/Zotero/Profiles/b90l19ox.default/zotero/storage/F8J4TE9D/s40638-014-0025-0.html:text/html}
}

@misc{center_for_history_and_new_media_zotero_????,
	title = {Zotero {Quick} {Start} {Guide}},
	url = {http://zotero.org/support/quick_start_guide},
	author = {{Center for History and New Media}},
	annote = {Welcome to Zotero!View the Quick Start Guide to learn how to begin collecting, managing, citing, and sharing your research sources.Thanks for installing Zotero.}
}